<record><leader>00000cas a22000007a 4500</leader><controlfield tag="001">11987305</controlfield><controlfield tag="008">850501d188u18uualuuu ne      0    0eng d</controlfield><datafield ind1=" " ind2=" " tag="010"><subfield code="a">sn 85044905 </subfield></datafield><datafield ind1=" " ind2=" " tag="040"><subfield code="a">AAA</subfield><subfield code="b">eng</subfield><subfield code="c">AAA</subfield><subfield code="d">CPN</subfield><subfield code="d">NST</subfield><subfield code="d">OCLCQ</subfield></datafield><datafield ind1=" " ind2=" " tag="012"><subfield code="i">9011</subfield></datafield><datafield ind1=" " ind2=" " tag="042"><subfield code="a">msc</subfield></datafield><datafield ind1="0" ind2="0" tag="245"><subfield code="a">Fayette journal.</subfield></datafield><datafield ind1=" " ind2=" " tag="260"><subfield code="a">Fayette Courthouse, Ala. :</subfield><subfield code="b">Journal Pub. Co.</subfield></datafield><datafield ind1=" " ind2=" " tag="300"><subfield code="a">v. :</subfield><subfield code="b">ill.</subfield></datafield><datafield ind1=" " ind2=" " tag="588"><subfield code="a">Description based on: Vol. 4, no. 43 (Oct. 23, 1885) = Old ser. v. 32, no. 43.</subfield></datafield><datafield ind1=" " ind2=" " tag="752"><subfield code="a">United States</subfield><subfield code="b">Alabama</subfield><subfield code="c">Fayette</subfield><subfield code="d">Fayette.</subfield></datafield><datafield ind1=" " ind2=" " tag="850"><subfield code="a">AAP</subfield></datafield></record>